@article{Gourlet-Fleury2005,
author = {Gourlet-Fleury, Sylvie and Cornu, Guillaume and J{\'{e}}sel, S{\'{e}}bastien and Dessard, H{\'{e}}l{\`{e}}ne and Jourget, J. G. and Blanc, Lilian and Picard, Nicolas},
doi = {10.1016/j.foreco.2005.01.010},
file = {:C$\backslash$:/Users/ariane.mirabel/AppData/Local/Mendeley Ltd./Mendeley Desktop/Downloaded/Gourlet-Fleury et al. - 2005 - Using models to predict recovery and assess tree species vulnerability in logged tropical forests A case.pdf:pdf},
isbn = {0378-1127},
issn = {03781127},
journal = {Forest Ecology and Management},
keywords = {Individual-based spatially explicit model,Long-term population dynamics,Matrix model,Recruitment,Regeneration},
mendeley-groups = {These/Exploitation{\&}Dynamics,These},
number = {1-2},
pages = {69--85},
title = {{Using models to predict recovery and assess tree species vulnerability in logged tropical forests: A case study from French Guiana}},
volume = {209},
year = {2005}
}

@article{Podani2013a,
author = {Podani, J{\'{a}}nos and Ricotta, Carlo and Schmera, D{\'{e}}nes},
doi = {10.1016/j.ecocom.2013.03.002},
isbn = {1476945X (ISSN)},
issn = {1476945X},
journal = {Ecological Complexity},
keywords = {Jaccard index,Marczewski-Steinhaus dissimilarity,Presence-absence,Ruzicka similarity,Simplex,Turnover},
pages = {52--61},
title = {{A general framework for analyzing beta diversity, nestedness and related community-level phenomena based on abundance data}},
volume = {15},
year = {2013}
}
